<record><leader>00000cas a2200000 a 4500</leader><controlfield tag="001">10342512</controlfield><controlfield tag="008">840126d18411844maudn ne      0    0eng c</controlfield><datafield ind1=" " ind2=" " tag="010"><subfield code="a">sn 84022190 </subfield></datafield><datafield ind1=" " ind2=" " tag="040"><subfield code="a">NPX</subfield><subfield code="b">eng</subfield><subfield code="c">NPX</subfield><subfield code="d">NPU</subfield><subfield code="d">DLC</subfield><subfield code="d">MGN</subfield><subfield code="d">NVH</subfield><subfield code="d">MGN</subfield><subfield code="d">NVK</subfield><subfield code="d">DLC</subfield><subfield code="d">OCL</subfield><subfield code="d">TGN</subfield><subfield code="d">DLC</subfield><subfield code="d">KRTAS</subfield><subfield code="d">CUI</subfield><subfield code="d">OCLCQ</subfield><subfield code="d">OCLCF</subfield><subfield code="d">OCLCO</subfield><subfield code="d">CUS</subfield></datafield><datafield ind1=" " ind2=" " tag="042"><subfield code="a">pcc</subfield></datafield><datafield ind1=" " ind2=" " tag="043"><subfield code="a">n-us-ma</subfield></datafield><datafield ind1="0" ind2="0" tag="050"><subfield code="a">Newspaper</subfield></datafield><datafield ind1="0" ind2=" " tag="130"><subfield code="a">Daily Atlas (Boston, Mass. : 1841)</subfield></datafield><datafield ind1="1" ind2="4" tag="245"><subfield code="a">The daily Atlas.</subfield></datafield><datafield ind1="3" ind2="0" tag="246"><subfield code="a">Atlas</subfield></datafield><datafield ind1=" " ind2=" " tag="260"><subfield code="a">Boston [Mass.] :</subfield><subfield code="b">R. Haughton,</subfield><subfield code="c">1841-1844.</subfield></datafield><datafield ind1=" " ind2=" " tag="300"><subfield code="a">4 v.</subfield></datafield><datafield ind1=" " ind2=" " tag="310"><subfield code="a">Daily (except Sunday)</subfield></datafield><datafield ind1="0" ind2=" " tag="362"><subfield code="a">Vol. 9, no. 158 (Jan. 1, 1841)-v. 13, no. 48 (Aug. 24, 1844).</subfield></datafield><datafield ind1=" " ind2=" " tag="500"><subfield code="a">Publisher varies: William Hayden and Thomas Brewer, &lt;June 21&gt;, 1841.</subfield></datafield><datafield ind1=" " ind2=" " tag="515"><subfield code="a">No paper issued Apr. 21, 1841.</subfield></datafield><datafield ind1=" " ind2=" " tag="530"><subfield code="a">Available on microfilm from the Library of Congress, Photoduplication Service.</subfield></datafield><datafield ind1=" " ind2=" " tag="580"><subfield code="a">Semiweekly ed.: Semi-weekly Atlas.</subfield></datafield><datafield ind1=" " ind2="0" tag="651"><subfield code="a">Boston (Mass.)</subfield><subfield code="v">Newspapers.</subfield></datafield><datafield ind1=" " ind2="7" tag="651"><subfield code="a">Massachusetts</subfield><subfield code="z">Boston.</subfield><subfield code="2">fast</subfield><subfield code="0">(OCoLC)fst01205012</subfield></datafield><datafield ind1=" " ind2="7" tag="655"><subfield code="a">Newspapers.</subfield><subfield code="2">fast</subfield><subfield code="0">(OCoLC)fst01423814</subfield></datafield><datafield ind1=" " ind2=" " tag="752"><subfield code="a">United States</subfield><subfield code="b">Massachusetts</subfield><subfield code="c">Suffolk</subfield><subfield code="d">Boston.</subfield></datafield><datafield ind1="1" ind2=" " tag="775"><subfield code="t">Semi-weekly Atlas</subfield><subfield code="w">(DLC)sn 84022194</subfield><subfield code="w">(OCoLC)10342847</subfield></datafield><datafield ind1="0" ind2="0" tag="780"><subfield code="t">Atlas (Boston, Mass. : Daily)</subfield><subfield code="w">(DLC)sn 84022189</subfield><subfield code="w">(OCoLC)10342373</subfield></datafield><datafield ind1="0" ind2="0" tag="785"><subfield code="t">Boston daily Atlas (Boston, Mass. : 1844)</subfield><subfield code="w">(DLC)sn 84022191</subfield><subfield code="w">(OCoLC)10342673</subfield></datafield><datafield ind1="4" ind2="1" tag="856"><subfield code="3">02/05/1841 to 08/24/1844</subfield><subfield code="u">http://infoweb.newsbank.com/?db=EANX&amp;s_browseRef=decades/11E3392DACA00F8F/all.xml</subfield></datafield><datafield ind1=" " ind2=" " tag="938"><subfield code="a">Kirtas Technologies, Inc.</subfield><subfield code="b">KRTS</subfield><subfield code="n">738089</subfield></datafield><datafield ind1="1" ind2=" " tag="029"><subfield code="a">AU@</subfield><subfield code="b">000020128846</subfield></datafield></record>